\usepackage{url}

%Chapter 1
@article{higgs_paper,
	author = {{Aad G., et al. (ATLAS Collaboration and CMS Collaboration)}},
	title = {Combined {M}easurement of the {H}iggs {B}oson {M}ass in pp {C}ollisions at $\sqrt(s)$ = 7 and 8 {TeV} with the {ATLAS} and {CMS} {E}xperiments},
	journal = {Phys. Rev. Lett.},
 	volume = {114},
 	issue = {19},
 	pages = {191803},
 	numpages = {33},
 	year = {2015},
 	month = {May},
 	publisher = {American Physical Society},
  	doi = {10.1103/PhysRevLett.114.191803},
 	url = {https://link.aps.org/doi/10.1103/PhysRevLett.114.191803}
}
@article{pdg,
  title = {Review of Particle Physics},
  author = {Tanabashi, M. and others},
  collaboration = {Particle Data Group},
  journal = {Phys. Rev. D},
  volume = {98},
  issue = {3},
  pages = {847-851},
  numpages = {1898},
  year = {2018},
  month = {Aug},
  publisher = {American Physical Society},
  doi = {10.1103/PhysRevD.98.030001},
  url = {https://link.aps.org/doi/10.1103/PhysRevD.98.030001}
}

%Chapter 2
@article{LHC_machine,
doi = {10.1088/1748-0221/3/08/S08001},
url = {https://dx.doi.org/10.1088/1748-0221/3/08/S08001},
year = {2008},
month = {aug},
publisher = {},
volume = {3},
number = {08},
pages = {S08001},
author = {Lyndon Evans and  Philip Bryant},
title = {LHC Machine},
journal = {Journal of Instrumentation},
}
@book{hl_lhc,
      author        = "Aberle, O. and others",
      title         = "{High-Luminosity Large Hadron Collider (HL-LHC): Technical
                       design report}",
      publisher     = "CERN",
      address       = "Geneva",
      series        = "CERN Yellow Reports: Monographs",
      year          = "2020",
      url           = "https://cds.cern.ch/record/2749422",
      doi           = "10.23731/CYRM-2020-0010",
}
@misc{lhc_faq,
      author        = "Lopes, Ana and Perrey, Melissa Loyse",
      title         = "{FAQ-LHC The guide}",
      year          = "2022",
      url           = "https://cds.cern.ch/record/2809109",
}
@misc{lhc_timeline,
  title = {The High-Luminosity LHC},
  howpublished = {\url{https://voisins.web.cern.ch/en/high-luminosity-lhc-hl-lhc}},
  note = {Accessed: 2024-01-05}
}
@misc{lhc_magnets,
  title = {Pulling together: Super Conducting electromagnets},
  howpublished = {\url{https://home.cern/science/engineering/pulling-together-superconducting-electromagnets}},
  note = {Accessed: 2024-01-05}
}
@article{cern_accelerator_complex,
      author        = "Mobs, Esma",
      title         = "{The CERN accelerator complex in 2019. Complexe des
                       accélérateurs du CERN en 2019}",
      year          = "2019",
      url           = "https://cds.cern.ch/record/2684277",
      note          = "General Photo"
}
@article{ATLAS_at_LHC,
      collaboration = "ATLAS",
      title         = "{The ATLAS Experiment at the CERN Large Hadron Collider}",
      journal       = "JINST",
      volume        = "3",
      pages         = "S08003",
      year          = "2008",
      url           = "https://cds.cern.ch/record/1129811",
      note          = "Also published by CERN Geneva in 2010",
      doi           = "10.1088/1748-0221/3/08/S08003"
}
@article{CMS_at_LHC,
doi = {10.1088/1748-0221/3/08/S08004},
url = {https://dx.doi.org/10.1088/1748-0221/3/08/S08004},
year = {2008},
month = {aug},
publisher = {},
volume = {3},
number = {08},
pages = {S08004},
title = {The CMS experiment at the CERN LHC},
journal = {Journal of Instrumentation}
}
@article{LHCb_at_LHC,
doi = {10.1088/1748-0221/3/08/S08005},
url = {https://dx.doi.org/10.1088/1748-0221/3/08/S08005},
year = {2008},
month = {aug},
publisher = {},
volume = {3},
number = {08},
pages = {S08005},
title = {The LHCb Detector at the LHC},
journal = {Journal of Instrumentation}
}
@article{ALICE_at_LHC,
doi = {10.1088/1748-0221/3/08/S08002},
url = {https://dx.doi.org/10.1088/1748-0221/3/08/S08002},
year = {2008},
month = {aug},
publisher = {},
volume = {3},
number = {08},
pages = {S08002},
title = {The ALICE experiment at the CERN LHC},
journal = {Journal of Instrumentation}
}

%Chapter 3
@misc{calorimeter_img,
      author        = "Joao Pequenao",
      title         = "{Computer Generated image of the ATLAS calorimeter}",
      year          = "2008",
      url           = "https://cds.cern.ch/record/1095927",
}
@book{lar_tdr,
      collaboration = "ATLAS",
      title         = "{ATLAS liquid-argon calorimeter: Technical Design Report}",
      publisher     = "CERN",
      address       = "Geneva",
      series        = "Technical design report. ATLAS",
      year          = "1996",
      url           = "https://cds.cern.ch/record/331061",
      doi           = "10.17181/CERN.FWRW.FOOQ",
}
@article{lar_ssc,
title = {Liquid argon calorimetry for the SSC},
author = {Gordon, H A},
doi = {},
url = {https://www.osti.gov/biblio/6266440}, journal = {},
number = ,
volume = ,
place = {United States},
year = {1990},
month = {1}
}
@article{lar_overview,
doi = {10.1088/1742-6596/160/1/012043},
url = {https://dx.doi.org/10.1088/1742-6596/160/1/012043},
year = {2009},
month = {apr},
publisher = {},
volume = {160},
number = {1},
pages = {012043},
author = {Henric Wilkens and  (on behalf ofthe ATLAS LArg Collaboration)},
title = {The ATLAS Liquid Argon calorimeter: An overview},
journal = {Journal of Physics: Conference Series},
}
@techreport{tile_tdr,
      collaboration = "ATLAS",
      title         = "{Technical Design Report for the Phase-II Upgrade of the
                       ATLAS Tile Calorimeter}",
      institution   = "CERN",
      reportNumber  = "CERN-LHCC-2017-019, ATLAS-TDR-028",
      address       = "Geneva",
      year          = "2017",
      url           = "https://cds.cern.ch/record/2285583",
}